<record><leader>00000cas a22000007a 4500</leader><controlfield tag="001">19651685</controlfield><controlfield tag="008">890503d19031918couwr ne      0    0eng d</controlfield><datafield ind1=" " ind2=" " tag="010"><subfield code="a">sn 89052106 </subfield></datafield><datafield ind1=" " ind2=" " tag="040"><subfield code="a">CNQ</subfield><subfield code="b">eng</subfield><subfield code="c">CNQ</subfield><subfield code="d">OCLCQ</subfield></datafield><datafield ind1=" " ind2=" " tag="042"><subfield code="a">msc</subfield></datafield><datafield ind1="0" ind2="0" tag="245"><subfield code="a">Arapahoe herald.</subfield></datafield><datafield ind1=" " ind2=" " tag="260"><subfield code="a">Littleton, Arapahoe County, Colo. :</subfield><subfield code="b">Frank L. Finch and Wesley C. Nelson</subfield></datafield><datafield ind1=" " ind2=" " tag="300"><subfield code="a">v.</subfield></datafield><datafield ind1=" " ind2=" " tag="310"><subfield code="a">Weekly</subfield></datafield><datafield ind1="0" ind2=" " tag="362"><subfield code="a">Vol. 1, no. 38 (May 30, 1903)-</subfield></datafield><datafield ind1="1" ind2=" " tag="362"><subfield code="a">Ceased in 1918?</subfield></datafield><datafield ind1=" " ind2=" " tag="530"><subfield code="a">Available on microfilm from the Colorado Historical Society.</subfield></datafield><datafield ind1=" " ind2=" " tag="752"><subfield code="a">United States</subfield><subfield code="b">Colorado</subfield><subfield code="c">Arapahoe</subfield><subfield code="d">Littleton.</subfield></datafield><datafield ind1="0" ind2="0" tag="780"><subfield code="t">Arapahoe herald and South Arapahoe herald</subfield><subfield code="w">(DLC)sn 90051649</subfield></datafield><datafield ind1="0" ind2="7" tag="785"><subfield code="t">Littleton independent</subfield><subfield code="w">(DLC)sn 82014493</subfield></datafield><datafield ind1="0" ind2="7" tag="785"><subfield code="t">Littleton independent and the Arapahoe herald</subfield><subfield code="w">(DLC)sn 89052104</subfield></datafield></record>